
    <zs:record>
      <zs:recordPacking>xml</zs:recordPacking>
      <zs:recordData>
        <record xmlns="http://www.loc.gov/MARC21/slim">
          <leader>00396nz a2200097 4500</leader>
          <controlfield tag="001">30070466</controlfield>
          <controlfield tag="003">RISM</controlfield>
          <controlfield tag="005">20121108</controlfield>
          <controlfield tag="008">121108n||az|||||||##########||||||||||||</controlfield>
          <datafield tag="110" ind1="2" ind2=" ">
            <subfield code="a">Belfast Central Library - Music Library</subfield>
            <subfield code="c">Belfast</subfield>
            <subfield code="g">IRLN-Bcl</subfield>
          </datafield>
          <datafield tag="622" ind1=" " ind2=" ">
            <subfield code="e">Belfast Central Library - Music Library, Royal Avenue, Belfast BT1 1EA, Northern
              Ireland</subfield>
            <subfield code="u">http://www.ni-libraries.net/libraries/belfast-central-library-music-library/</subfield>
          </datafield>
          <idzebra xmlns="http://www.indexdata.dk/zebra/">
            <size>396</size>
            <score>761</score>
            <localnumber>834510</localnumber>
            <filename>sigla/sigla.mrc</filename>
          </idzebra>
        </record>
      </zs:recordData>
      <zs:recordPosition>6</zs:recordPosition>
    </zs:record>