
    <zs:record>
      <zs:recordPacking>xml</zs:recordPacking>
      <zs:recordData>
        <record xmlns="http://www.loc.gov/MARC21/slim">
          <leader>00347nz a2200109 4500</leader>
          <controlfield tag="001">30070471</controlfield>
          <controlfield tag="003">RISM</controlfield>
          <controlfield tag="005">20121108</controlfield>
          <controlfield tag="008">121108n||az|||||||##########||||||||||||</controlfield>
          <datafield tag="043" ind1=" " ind2=" ">
            <subfield code="c">Iran, Islamic Republic ofLN</subfield>
          </datafield>
          <datafield tag="110" ind1="2" ind2=" ">
            <subfield code="a">Union Theological College of the Presbyterian Church in Ireland, Gamble Library
              &lt;Belfast&gt;</subfield>
            <subfield code="c">Belfast</subfield>
            <subfield code="g">IRLN-Butc</subfield>
          </datafield>
          <datafield tag="622" ind1=" " ind2=" ">
            <subfield code="u">http://www.union.ac.uk</subfield>
          </datafield>
          <idzebra xmlns="http://www.indexdata.dk/zebra/">
            <size>347</size>
            <score>761</score>
            <localnumber>834515</localnumber>
            <filename>sigla/sigla.mrc</filename>
          </idzebra>
        </record>
      </zs:recordData>
      <zs:recordPosition>11</zs:recordPosition>
    </zs:record>